<record><leader>00000cas a2200000 a 4500</leader><controlfield tag="001">8776973</controlfield><controlfield tag="008">820915d18411845dcuwr ne      0    0eng  </controlfield><datafield ind1=" " ind2=" " tag="010"><subfield code="a">sn 82006532 </subfield></datafield><datafield ind1=" " ind2=" " tag="040"><subfield code="a">DLC</subfield><subfield code="b">eng</subfield><subfield code="c">DLC</subfield><subfield code="d">NPV</subfield><subfield code="d">NPX</subfield><subfield code="d">DLC</subfield><subfield code="d">MFN</subfield><subfield code="d">MGN</subfield><subfield code="d">DLC</subfield><subfield code="d">OCLCO</subfield><subfield code="d">OCLCQ</subfield><subfield code="d">OCLCF</subfield><subfield code="d">CUS</subfield></datafield><datafield ind1=" " ind2=" " tag="042"><subfield code="a">pcc</subfield></datafield><datafield ind1=" " ind2=" " tag="043"><subfield code="a">n-us-dc</subfield></datafield><datafield ind1="0" ind2="0" tag="050"><subfield code="a">Newspaper 7345</subfield></datafield><datafield ind1="0" ind2="4" tag="082"><subfield code="a">071</subfield></datafield><datafield ind1="0" ind2=" " tag="130"><subfield code="a">Weekly globe (Washington, D.C. : 1841)</subfield></datafield><datafield ind1="1" ind2="0" tag="245"><subfield code="a">Weekly globe.</subfield></datafield><datafield ind1=" " ind2=" " tag="260"><subfield code="a">[Washington, D.C.] :</subfield><subfield code="b">Blair &amp; Rives</subfield></datafield><datafield ind1=" " ind2=" " tag="300"><subfield code="a">volumes</subfield></datafield><datafield ind1=" " ind2=" " tag="310"><subfield code="a">Weekly</subfield></datafield><datafield ind1=" " ind2=" " tag="336"><subfield code="a">text</subfield><subfield code="b">txt</subfield><subfield code="2">rdacontent</subfield></datafield><datafield ind1=" " ind2=" " tag="337"><subfield code="a">unmediated</subfield><subfield code="b">n</subfield><subfield code="2">rdamedia</subfield></datafield><datafield ind1=" " ind2=" " tag="338"><subfield code="a">volume</subfield><subfield code="b">nc</subfield><subfield code="2">rdacarrier</subfield></datafield><datafield ind1="0" ind2=" " tag="362"><subfield code="a">Vol. 1, no. 1 (Dec. 11, 1841)-v. 4, no. 22 (Apr. 30, 1845).</subfield></datafield><datafield ind1=" " ind2=" " tag="530"><subfield code="a">Also issued on microfilm from the Library of Congress, Photoduplication Service.</subfield></datafield><datafield ind1=" " ind2=" " tag="580"><subfield code="a">Campaign ed. of: Globe (Washington, D.C. : Daily); Globe (Washington, D.C. : Semiweekly); Globe (Washington, D.C. : Weekly).</subfield></datafield><datafield ind1=" " ind2="0" tag="651"><subfield code="a">Washington (D.C.)</subfield><subfield code="v">Newspapers.</subfield></datafield><datafield ind1=" " ind2="7" tag="651"><subfield code="a">Washington (D.C.)</subfield><subfield code="2">fast</subfield><subfield code="0">(OCoLC)fst01204505</subfield></datafield><datafield ind1=" " ind2="7" tag="655"><subfield code="a">Newspapers.</subfield><subfield code="2">fast</subfield><subfield code="0">(OCoLC)fst01423814</subfield></datafield><datafield ind1=" " ind2=" " tag="752"><subfield code="a">United States</subfield><subfield code="b">District of Columbia</subfield><subfield code="d">Washington.</subfield></datafield><datafield ind1="1" ind2=" " tag="775"><subfield code="t">Globe (Washington, D.C. : Daily)</subfield><subfield code="w">(DLC)sn 82014043</subfield><subfield code="w">(OCoLC)8786354</subfield></datafield><datafield ind1="1" ind2=" " tag="775"><subfield code="t">Globe (Washington, D.C. : Semiweekly)</subfield><subfield code="w">(DLC)sn 82014042</subfield><subfield code="w">(OCoLC)8786335</subfield></datafield><datafield ind1="1" ind2=" " tag="775"><subfield code="t">Globe (Washington, D.C. : Weekly)</subfield><subfield code="w">(DLC)sn 82014041</subfield><subfield code="w">(OCoLC)8772978</subfield></datafield><datafield ind1="0" ind2="8" tag="776"><subfield code="i">Online version:</subfield><subfield code="t">Weekly globe (Washington, D.C. : 1841)</subfield><subfield code="w">(OCoLC)682470188</subfield></datafield><datafield ind1="0" ind2="0" tag="780"><subfield code="t">Extra globe (Washington, D.C. : 1834)</subfield><subfield code="w">(DLC)sn 86053760</subfield><subfield code="w">(OCoLC)8995329</subfield></datafield><datafield ind1="1" ind2=" " tag="029"><subfield code="a">AU@</subfield><subfield code="b">000020382292</subfield></datafield></record>